@article{courant1967partial,
  title={On the partial difference equations of mathematical physics},
  author={Courant, Richard and Friedrichs, Kurt and Lewy, Hans},
  journal={IBM journal of Research and Development},
  volume={11},
  number={2},
  pages={215--234},
  year={1967},
  publisher={IBM}
}
@SEPREPORT{Zhang.sep.152.yang1,
  author={Yang Zhang and Biondo Biondi},
  title={{ Residual-moveout-based WEMVA: A WAZ field data example - Part I }},
  pages={223--238},
  organization={SEP},
  year={2014},
  journal={SEP-Report},
  volume={152},
  url={http://sepwww.stanford.edu/public/docs/sep152}
}
@SEPREPORT{Almomin.sep.155.ali1,
  author={Ali Almomin},
  title={ Reformulating {TFWI} },
  pages={X--Y},
  organization={SEP},
  year={2014},
  journal={SEP-Report},
  volume={155},
  url={http://sepwww.stanford.edu/public/docs/sep155}
}
@article{Stork,
        author = {Christof Stork},
        title = {Eliminating dispersion from {FD} modeling is crucial for inversion},
        publisher = {SEG},
        year = {2013},
        journal = {{SEAM} Workshop: {G}eoscience Advances from the use of SEAM Data}
}

@article{zhu,
author = {Tieyuan Zhu and Jerry M. Harris},
title = {Modeling acoustic wave propagation in heterogeneous attenuating media using decoupled fractional Laplacians},
journal = {GEOPHYSICS},
volume = {79},
number = {3},
pages = {T105-T116},
year = {2014}

}
@inbook{bednar,
author = {J. Bee Bednar and G. H. Neale},
title = {Limited vs. full frequency wave‚Äêequation imaging},
booktitle = {SEG Technical Program Expanded Abstracts},
chapter = {308},
pages = {1204-1207},
year={2002}
}
@SEPREPORT{ Clapp.sep.111.bob3 ,
title={ Speeding up wave equation migration },
author={ R[obert] G[] Clapp },
pages={233--241},
type={SEP-Report},
organization={SEP},
year={2002},
journal={SEP-Report},
volume={111},
url={http://sepwww.stanford.edu/private/docs/sep111/bob3/paper_html/index.html,
     http://sepwww.stanford.edu/private/docs/sep111/bob3.ps.gz,
     http://sepwww.stanford.edu/private/docs/sep111/bob3.tar.gz}
}

@SEPREPORT{Kjartansson.sep.23,
         type={PhD thesis},
         organization={SEP},
         author={E[inar] Kjartansson},
         title={Attenuation of Seismic Waves in Rocks and Applications in Energy Exploration},
         year={1979},
         volume={23},
         classification={MIGRATE Q},
         comment="",
url={http://sepwww.stanford.edu/oldreports/sep23/index.html}
}